.@article{mustermann.1996,
    author = {Mustermann, Maximilian},
    title = {The ultimate guide to stuff},
    journal = {Science},
    year = {1996},
    volume = 189,
    pages = 892
},
.@article{FreyOsborne.2013,
    abstract = {},
    author = {Frey, Carl Benedict and Osborne, Michael},
    year = {2013},
    title = {{The future of employment: How susceptible are jobs to computerisation?}},
    journal = {{Oxford Martin Programme on Technology and Employment}},
    doi = {https://doi.org/10.1016/j.techfore.2016.08.019}
},
@article{zhipei.2017,
    author = {Yan, Zhipei and Schiller, Stephen and Wilensky, Gregg and Carr, Nathan and Schaefer, Scott},
    title = {K-Curves: Interpolation at Local Maximum Curvature},
    year = {2017},
    issue_date = {August 2017},
    publisher = {Association for Computing Machinery},
    address = {New York, NY, USA},
    volume = {36},
    number = {4},
    issn = {0730-0301},
    url = {https://doi.org/10.1145/3072959.3073692},
    doi = {10.1145/3072959.3073692},
    journal = {ACM Trans. Graph.},
    month = {jul},
    articleno = {129},
    numpages = {7},
}
